

@article{mapreduce,
  title={MapReduce: {S}implified {D}ata {P}rocessing on {L}arge {C}lusters},
  author={Dean, Jeffrey and Ghemawat, Sanjay},
  journal={Communications of the ACM},
  volume={51},
  number={1},
  pages={107--113},
  year={2008},
  publisher={ACM}
}


@inproceedings{shvachko2010hadoop,
  title={The {H}adoop {D}istributed {F}ile {S}ystem},
  author={Shvachko, Konstantin and Kuang, Hairong and Radia, Sanjay and Chansler, Robert},
  booktitle={Mass Storage Systems and Technologies (MSST), 2010 IEEE 26th Symposium on},
  pages={1--10},
  year={2010},
  organization={IEEE}
}


@misc{hadoop,
	title={Hadoop},
	note = {http://hadoop.apache.org/}
}

@article{marozzo2012p2p,
    title={P2{P}-{M}ap{R}educe: {P}arallel {D}ata {P}rocessing in {D}ynamic {C}loud {E}nvironments},
    author={Marozzo, Fabrizio and Talia, Domenico and Trunfio, Paolo},
    journal={Journal of Computer and System Sciences},
    volume={78},
    number={5},
    pages={1382--1402},
    year={2012},
    publisher={Elsevier}
}


@INPROCEEDINGS{leemap, 
    author={Kyungyong Lee and Tae Woong Choi and Ganguly, A. and Wolinsky, D.I. and Boykin, P.O. and Figueiredo, R.}, 
    booktitle={Parallel and Distributed Processing Workshops and Phd Forum (IPDPSW), 2011 IEEE International Symposium on}, 
    title={Parallel {P}rocessing {F}ramework on a {P}2{P} {S}ystem {U}sing {M}ap and {R}educe {P}rimitives}, 
    year={2011}, 
    pages={1602-1609}, 
    keywords={functional programming;multicast communication;parallel processing;pattern clustering;peer-to-peer computing;processor scheduling;tree data structures;Brunet P2P system;P2P nodes;PlanetLab;distributed K-Means clustering;distribution latency cost;functional programming models;map primitives;multicast method;parallel processing framework;reduce primitives;remote procedure call invocations;self-organizing multicast tree;structured peer-to-peer networks;task processing;Clustering algorithms;Data mining;Google;Monitoring;Parallel processing;Peer to peer computing;Routing}, 
    doi={10.1109/IPDPS.2011.315}, 
    ISSN={1530-2075},
}



@misc{hadoopAssumptions,
	title = {Virtual Hadoop},
	author = Apache,
	note = {http://wiki.apache.org/hadoop/Virtual%20Hadoop}
}