@inproceedings{durham2014model,
  title={A model architecture for Big Data applications using relational databases},
  author={Durham, Erin-Elizabeth A and Rosen, Andrew and Harrison, Robert W},
  booktitle={Big Data (Big Data), 2014 IEEE International Conference on},
  pages={9--16},
  year={2014},
  organization={IEEE}
}

@inproceedings{durham2014optimization,
	title={Optimization of relational database usage involving Big Data a model architecture for Big Data applications},
	author={Durham, Erin-Elizabeth A and Rosen, Andrew and Harrison, Robert W},
	booktitle={Computational Intelligence and Data Mining (CIDM), 2014 IEEE Symposium on},
	pages={454--462},
	year={2014},
	organization={IEEE}
}


@inproceedings{umoja2014novel,
	title={A novel approach to determine docking locations using fuzzy logic and shape determination},
	author={Umoja, Chinua and Torrance, JT and Durham, Erin-Elizabeth A and Rosen, Andrew and Harrison, Robert W},
	booktitle={Big Data (Big Data), 2014 IEEE International Conference on},
	pages={14--16},
	year={2014},
	organization={IEEE}
}


@inproceedings{chordreduce,
	author = {Rosen, Andrew and Benshoof, Brendan and Harrison, Robert W and Bourgeois, Anu G.},
	title = {MapReduce on a Chord Distributed Hash Table},
	booktitle = {2nd International IBM Cloud Academy Conference},
	date = {May 9th, 2014},

}

@inproceedings{vhash,
	author = {Benshoof, Brendan and Rosen, Andrew and Bourgeois, Anu G. and Harrison, Robert W },
	title = {VHASH: Spatial DHT based on Voronoi Tessellation},
	booktitle = {2nd International IBM Cloud Academy Conference},
	date = {2014},
	
}


@inproceedings{dgvh,
	author = {Benshoof, Brendan and Rosen, Andrew and Bourgeois, Anu G. and Harrison, Robert W },
	title = {A Distributed Greedy Heuristic for Computing Voronoi Tessellations With Applications Towards Peer-to-Peer Networks},
	booktitle = {Dependable Parallel, Distributed and Network-Centric Systems, 20th IEEE Workshop on },
	date = {2015},
	
}

@unpublished{sybil-analysis,
	author = {Rosen, Andrew and Benshoof, Brendan and Harrison, Robert W and Bourgeois, Anu G.},
	title = {The Sybil Attack on Peer-to-Peer Networks From the Attacker's Perspective},
	date = {2015},
}
