
@article{voronoi,
	title={Voronoi diagramsâ€”a survey of a fundamental geometric data structure},
	author={Aurenhammer, Franz},
	journal={ACM Computing Surveys (CSUR)},
	volume={23},
	number={3},
	pages={345--405},
	year={1991},
	publisher={ACM}
}



@article{bern1991expected,
	title={The expected extremes in a Delaunay triangulation},
	author={Bern, Marshall and Eppstein, David and Yao, Frances},
	journal={International Journal of Computational Geometry \& Applications},
	volume={1},
	number={01},
	pages={79--91},
	year={1991},
	publisher={World Scientific}
}


@article{fortune1987sweepline,
  title={A sweepline algorithm for Voronoi diagrams},
  author={Fortune, Steven},
  journal={Algorithmica},
  volume={2},
  number={1-4},
  pages={153--174},
  year={1987},
  publisher={Springer}
}


@inproceedings{voronet,
  title={VoroNet: A scalable object network based on Voronoi tessellations},
  author={Beaumont, Olivier and Kermarrec, A-M and Marchal, Loris and Rivi{\`e}re, Etienne},
  booktitle={Parallel and Distributed Processing Symposium, 2007. IPDPS 2007. IEEE International},
  pages={1--10},
  year={2007},
  organization={IEEE}
}


@article{watson1981computing,
	title={Computing the n-dimensional Delaunay tessellation with application to Voronoi polytopes},
	author={Watson, David F},
	journal={The computer journal},
	volume={24},
	number={2},
	pages={167--172},
	year={1981},
	publisher={Br Computer Soc}
}

@inproceedings{kleinberg2007geographic,
	title={Geographic routing using hyperbolic space},
	author={Kleinberg, Robert},
	booktitle={INFOCOM 2007. 26th IEEE International Conference on Computer Communications. IEEE},
	pages={1902--1909},
	year={2007},
	organization={IEEE}
}

@inproceedings{cvetkovski2009hyperbolic,
	title={Hyperbolic embedding and routing for dynamic graphs},
	author={Cvetkovski, Andrej and Crovella, Mark},
	booktitle={INFOCOM 2009, IEEE},
	pages={1647--1655},
	year={2009},
	organization={IEEE}
}
